<?xml version="1.0" encoding="UTF-8"?><record xmlns="http://www.loc.gov/MARC21/slim" xmlns:cinclude="http://apache.org/cocoon/include/1.0" xmlns:zs="http://www.loc.gov/zing/srw/">
  <leader>00429nz  a2200133n  4500</leader>
  <controlfield tag="001">nr2002013575</controlfield>
  <controlfield tag="003">DLC</controlfield>
  <controlfield tag="005">20020410033131.0</controlfield>
  <controlfield tag="008">020409n| acannaabn          |a aaa     c</controlfield>
  <datafield tag="010" ind1=" " ind2=" ">
    <subfield code="a">nr2002013575</subfield>
  </datafield>
  <datafield tag="040" ind1=" " ind2=" ">
    <subfield code="a">NIC</subfield>
    <subfield code="b">eng</subfield>
    <subfield code="c">NIC</subfield>
  </datafield>
  <datafield tag="100" ind1="1" ind2=" ">
    <subfield code="a">Vũ, Hiền Thảo</subfield>
  </datafield>
  <datafield tag="400" ind1="0" ind2=" ">
    <subfield code="a">Vũ Hiền Thảo</subfield>
  </datafield>
  <datafield tag="670" ind1=" " ind2=" ">
    <subfield code="a">Hồ sơ mật về Osama Bin Laden và mạng lưới khủng bố quốc tế, 2001:</subfield>
    <subfield code="b">t.p. (Vũ Hiền Thảo)</subfield>
  </datafield>
</record>